<record><leader>00000cas a22000007a 4500</leader><controlfield tag="001">12291321</controlfield><controlfield tag="008">850722d19771977wiuwr ne      0    0eng d</controlfield><datafield ind1=" " ind2=" " tag="010"><subfield code="a">sn 85040868 </subfield></datafield><datafield ind1=" " ind2=" " tag="040"><subfield code="a">NPV</subfield><subfield code="b">eng</subfield><subfield code="c">NPV</subfield><subfield code="d">OCLCQ</subfield></datafield><datafield ind1=" " ind2=" " tag="042"><subfield code="a">msc</subfield></datafield><datafield ind1=" " ind2=" " tag="045"><subfield code="a">x7x7</subfield></datafield><datafield ind1=" " ind2=" " tag="052"><subfield code="a">4123</subfield><subfield code="b">O8</subfield></datafield><datafield ind1="0" ind2="0" tag="245"><subfield code="a">Seymour/Black Creek times-press.</subfield></datafield><datafield ind1="3" ind2="0" tag="246"><subfield code="a">Times press</subfield></datafield><datafield ind1=" " ind2=" " tag="260"><subfield code="a">Seymour, Wis. :</subfield><subfield code="b">F. Shellman,</subfield><subfield code="c">1977-1977.</subfield></datafield><datafield ind1=" " ind2=" " tag="300"><subfield code="a">v. :</subfield><subfield code="b">ill.</subfield></datafield><datafield ind1=" " ind2=" " tag="310"><subfield code="a">Weekly</subfield></datafield><datafield ind1="0" ind2=" " tag="362"><subfield code="a">Vol. 91, no. 44 (Apr. 27, 1977)-v. 91, no. 51 (June 15, 1977); vol. 92, no. 51 (June 22, 1977)-v. 93, no. 19 (Nov. 9, 1977).</subfield></datafield><datafield ind1=" " ind2=" " tag="500"><subfield code="a">Editor: F. Shellman.</subfield></datafield><datafield ind1=" " ind2=" " tag="530"><subfield code="a">Available on microfilm from The State Historical Society of Wisconsin.</subfield></datafield><datafield ind1=" " ind2=" " tag="752"><subfield code="a">United States</subfield><subfield code="b">Wisconsin</subfield><subfield code="c">Outagamie</subfield><subfield code="d">Seymour.</subfield></datafield><datafield ind1=" " ind2=" " tag="752"><subfield code="a">United States</subfield><subfield code="b">Wisconsin</subfield><subfield code="c">Outagamie</subfield><subfield code="d">Black Creek.</subfield></datafield><datafield ind1="0" ind2="0" tag="780"><subfield code="t">Times-press (Seymour, Wis. : 1971)</subfield><subfield code="w">(DLC)sn 85040867</subfield></datafield><datafield ind1="0" ind2="0" tag="785"><subfield code="t">Seymour/Black Creek, Bonduel/Cecil times press</subfield><subfield code="w">(DLC)sn 85040869</subfield></datafield><datafield ind1="1" ind2=" " tag="029"><subfield code="a">AU@</subfield><subfield code="b">000025806621</subfield></datafield></record>